<?xml version="1.0" encoding="UTF-8"?><collection xmlns="http://www.loc.gov/MARC21/slim"><record><leader>00478nam--2200181-u-4500</leader><controlfield tag="001">000053775</controlfield><controlfield tag="002">20161230</controlfield><controlfield tag="005">20161230201051</controlfield><controlfield tag="008">110620s1000------------r-----000-0-rus-d</controlfield><datafield ind1=" " ind2=" " tag="040"><subfield code="a">IFIN-HH</subfield></datafield><datafield ind1=" " ind2=" " tag="041"><subfield code="a">rus</subfield></datafield><datafield ind1=" " ind2=" " tag="080"><subfield code="a">537.636:537.611.44:537.611.45</subfield></datafield><datafield ind1="1" ind2=" " tag="100"><subfield code="a">Gurevici, A.G</subfield></datafield><datafield ind1="1" ind2="0" tag="245"><subfield code="a">Magnithih rezonans v ferritah i antiferromagnetikah</subfield><subfield code="c">A.g. gurevici</subfield></datafield><datafield ind1=" " ind2=" " tag="260"><subfield code="a">Moskva</subfield><subfield code="b">Nauka</subfield><subfield code="c">1973</subfield></datafield><datafield ind1=" " ind2=" " tag="300"><subfield code="a">591P</subfield></datafield><datafield ind1=" " ind2=" " tag="852"><subfield code="a">42317</subfield><subfield code="c">537:538</subfield></datafield><datafield ind1=" " ind2=" " tag="CAT"><subfield code="a">Sys</subfield><subfield code="c">20110620</subfield><subfield code="h">153113</subfield></datafield></record></collection>